@misc{msfussell2017azure,
  author={Mark Fussel (msfussell)},
  title={Einf{\"u}hrung in Microservices in Azure - Microsoft-Dokumentation},
  year={2017},
  url={https://docs.microsoft.com/de-de/azure/service-fabric/service-fabric-overview-microservices},
  note={abgerufen am 9.4.2019}
}

@misc{cesardelatorre2018azure,
	author={Cesar de la Torre (cesardelatorre)},
	title={Implementieren ereignisbasierter Kommunikation zwischen Microservices},
	year={2018},
	url={https://docs.microsoft.com/de-de/dotnet/standard/microservices-architecture/multi-container-microservice-net-applications/integration-event-based-microservice-communications},
	note={abgerufen am 16.4.2019}
}

@misc{oracle,
	author={o. V.},
	title={Plan an API Gateway system},
	year={o. J.},
	url={https://docs.oracle.com/cd/E55956_01/doc.11123/administrator_guide/content/admin_planning.html},
	note={abgerufen am 1.5.2019}
}

@misc{heise2016ddd,
	author={Golo Roden},
	title={Domain-driven Design erkl{\"a}rt},
	year={2016},
	url={https://www.heise.de/developer/artikel/Domain-driven-Design-erklaert-3130720.html?seite=all},
	note={abgerufen am 15.3.2019}
}

@book{irakli2016mic_arc,
  title={Microservice Architecture - Aligning Principels, Practices, and Culture},
  author={Irakli Nadareishvili, Ronnie Mitra, Matt McLarty and Mike Amundsen},
  year={2016},
  publisher={O Reilly}
}

@book{wolff2018mic_praxis,
  title={Das Microservice Praxisbuch - Grundlagen, Konzepte und Rezepte},
  author={Eberhard Wolff},
  year={2018},
  publisher={dpunkt.verlag}
}

@book{wolff2016mic_architectures,
	title={Flexible Software Architectures},
	author={Eberhard Wolff},
	year={2016},
	publisher={Leanpub}
}

@book{richardson2019mic_pattern,
	title={Microservice Pattern},
	author={Chris Richardson},
	year={2019},
	publisher={Manning}
}

@book{bruce2019mic_in_action,
	title={Microservices in Action},
	author={Morgan Bruce, Paulo A. Pereira},
	year={2019},
	publisher={Manning}
}


@manual{nhiem2017mic_moving,
	title={Moving mountains – practical approaches for
	moving monolithic applications to Microservices},
	author={Nhiem Lu,Gert Glatz, Dennis Peuser},
	organization={University of Applied Science and Arts, Dortmund, Germany, adesso AG, Dortmund, Germany},
	year={2017}
}

@thesis{birk2016mic_soa,
	title={Microservices - Eine State-of-the-Art Bestandsaufnahme
	und Abgrenzung zu SOA},
	author={Ferdinand Birk},
	school={Universität Ulm},
	year={2016}
}

@unpublished{rewe2019mic_ppp,
	title={A competitive food retail architecture with microservices},
	author={Sebastian Gauder},
	year={2019}
}